@incollection{Laricch2009AAMOP_ICBp3,
  author    = { Laricchia, G. and  Armitage, S. and  K\"{o}ver, \'{A}. and  Murtagh, D.
      J.},
  title     = {Ionizing Collisions by Positrons and Positronium Impact on the Inert
      Atoms},
  year      = {2009},
  volume    = {56},
  booktitle = {Advances in Atomic, Molecular and Optical Physics},
  publisher = {Academic Press, Inc.},
  pages     = {3}
}
           
@incollection{Briggs1991AAMOP_TTOp1,
  author    = { Briggs, J. S. and  Macek, J. H.},
  editor    = { Briggs, J. S. and  Macek, J. H.},
  title     = {The theory of fast ion-atom collisions},
  year      = {1991},
  volume    = {28},
  booktitle = {Advances in Atomic, Molecular and Optical Physics},
  publisher = {Academic Press, Inc.},
  pages     = {1-74}
}

@incollection{bib:phahandbook_p1,
  author    = {Robert J. Mailloux},
  title     = {{Geometry of GSO Links}},
  year      = {2005},
  booktitle = {{Phased Array Antenna Handbook}},
  publisher = {Artech House, INC},
  pages     = {1}
}


@incollection{bib:Ippolito_p30,
  author    = {Louis J. Ippolito, Jr.},
  editor    = {Dr Xuemin (Sherman) Shen, Dr Yi Pan},
  title     = {{Geometry of GSO Links}},
  year      = {2008},
  booktitle = {{Satellite Communications Systems Engineering}},
  publisher = {John Wiley \& Sons Ltd.},
  pages     = {30}
}

@incollection{bib:MaralBousquet_p32,
  author    = {Gérard Maral, Michel Bousquet},
  editor    = {Zhili Sun},
  title     = {Motion of the earth about the sun},
  year      = {2009},
  booktitle = {{Satellite Communications Systems}},
  publisher = {John Wiley \& Sons Ltd.},
  pages     = {32}
}

@incollection{bib:Balanis_p303,
  author    = {Constantine A. Balanis},
  title     = {N-ELEMENT LINEAR ARRAY: UNIFORM AMPLITUDE AND SPACING},
  year      = {2016},
  booktitle = {{Antenna Theory: Analysis and Design}},
  publisher = {John Wiley \& Sons Ltd.},
  pages     = {303}
}

@misc{bib:estacionterrena_cordoba,
  author       = {Juan Kulichevsky},
  title        = {{Antenas de la CONAE en la Estacion Terrena del Centro Espacial Teófilo Tabanera}},
  howpublished = {\url{https://es.wikipedia.org/wiki/Estaci\%C3\%B3n_Terrena_C\%C3\%B3rdoba}},
  month        = {11},
  year         = {2010}
}

@article{bib:steiskalp107-108,
  author  = {Hans Steyskal},
  title   = {{Digital Beamforming Antennas, an introduction}},
  journal = {Microwave Journal},
  year    = {1987},
  pages   = {107-108}
}

@article{bib:2decadesp69,
  author  = {Hamid Krim, Mats Viberg},
  title   = {Two Decades of Array Singal Processing Research: the parametric approach},
  journal = {{IEEE Signal Processing Magazine}},
  year    = {1996},
  volume  = {13},
  pages   = {69}
}

@article{bib:2decadesp70,
  author  = {Hamid Krim, Mats Viberg},
  title   = {{Two Decades of Array Singal Processing Research: the parametric approach}},
  journal = {{IEEE Signal Processing Magazine}},
  volume  = {13},
  year    = {1996},
  pages   = {70}
}

@article{bib:digitalantennasp6,
  author  = {Matthias Weiß},
  title   = {{Digital Antennas}},
  journal = {{NATO Research and Technology Organisation}},
  year    = {2009},
  pages   = {6}
}

@article{Bohm1952PRp180,
  author  = { Bohm, David},
  title   = {A Suggested Interpretation of the Quantum Theory in Terms of ``{Hidden}"
      Variables. {II}},
  journal = {Physical Review},
  year    = {1952},
  volume  = {85},
  pages   = {180-193}
}

@article{Bohr1913PMp10,
  author  = { Bohr, N.},
  journal = {Phil. Mag.},
  year    = {1913},
  volume  = {25},
  pages   = {10}
}

@article{Philipp1982NCBSp75,
  author  = { Philippidis, C. and  Bohm, D. and  Kaye, R. D.},
  title   = {{The Aharonov-Bohm effect and the quantum potential}},
  journal = {Nuovo Cimento B Serie},
  year    = {1982},
  volume  = {71},
  pages   = {75-88}
}

@article{Ucasmartantennas_p193,
  author  = {Panayiotis Ioannides, Constantine A. Balanis},
  title   = {{Uniform circular arrays for smart antennas}},
  journal = {{IEEE Antennas and Propagation Magazine}},
  year    = {2005},
  volume  = {47},
  pages   = {193}
}

@article{Hunter07CSE,
  address       = {10662 LOS VAQUEROS CIRCLE, PO BOX 3014, LOS ALAMITOS, CA 90720-1314 USA},
  author        = {Hunter, John D.},
  date-added    = {2010-09-23 12:22:10 -0700},
  date-modified = {2010-09-23 12:22:10 -0700},
  isi           = {000245668100019},
  isi-recid     = {155389429},
  journal       = {Computing In Science \& Engineering},
  month         = {May-Jun},
  number        = {3},
  pages         = {90--95},
  publisher     = {IEEE COMPUTER SOC},
  times-cited   = {21},
  title         = {Matplotlib: A 2D graphics environment},
  type          = {Editorial Material},
  volume        = {9},
  year          = {2007},
  abstract      = {Matplotlib is a 2D graphics package used for Python for application
                    development, interactive scripting, and publication-quality image
                    generation across user interfaces and operating systems.},
  bdsk-url-1    = {http://gateway.isiknowledge.com/gateway/Gateway.cgi?GWVersion=2&SrcAuth=Alerting&SrcApp=Alerting&DestApp=WOS&DestLinkType=FullRecord;KeyUT=000245668100019}
}
